<record><leader>00000cas a2200000 a 4500</leader><controlfield tag="001">29241560</controlfield><controlfield tag="008">931103d19341957iluwr ne      0    0eng c</controlfield><datafield ind1=" " ind2=" " tag="010"><subfield code="a">sn 93056111 </subfield></datafield><datafield ind1=" " ind2=" " tag="040"><subfield code="a">NVF</subfield><subfield code="b">eng</subfield><subfield code="c">NVF</subfield><subfield code="d">CVF</subfield><subfield code="d">NVF</subfield><subfield code="d">OCLCQ</subfield><subfield code="d">OCLCF</subfield><subfield code="d">OCLCO</subfield></datafield><datafield ind1="1" ind2=" " tag="029"><subfield code="a">AU@</subfield><subfield code="b">000024457628</subfield></datafield><datafield ind1=" " ind2=" " tag="042"><subfield code="a">pcc</subfield></datafield><datafield ind1=" " ind2=" " tag="043"><subfield code="a">n-us-il</subfield></datafield><datafield ind1="0" ind2=" " tag="130"><subfield code="a">Lena star (Lena, Ill. : 1934)</subfield></datafield><datafield ind1="1" ind2="4" tag="245"><subfield code="a">The Lena star.</subfield></datafield><datafield ind1="1" ind2="7" tag="246"><subfield code="a">Lena weekly star</subfield><subfield code="f">Jan. 4, 1934</subfield></datafield><datafield ind1=" " ind2=" " tag="260"><subfield code="a">Lena, Stephenson County, Ill. :</subfield><subfield code="b">S.J. Schildhammer,</subfield><subfield code="c">1934-1957.</subfield></datafield><datafield ind1=" " ind2=" " tag="300"><subfield code="a">v.</subfield></datafield><datafield ind1=" " ind2=" " tag="310"><subfield code="a">Weekly</subfield></datafield><datafield ind1="0" ind2=" " tag="362"><subfield code="a">Vol. 67, no. 1 (Jan. 4, 1934)-v. 91, no. 39 (Sept. 26, 1957).</subfield></datafield><datafield ind1=" " ind2="0" tag="651"><subfield code="a">Lena (Ill.)</subfield><subfield code="v">Newspapers.</subfield></datafield><datafield ind1=" " ind2="0" tag="651"><subfield code="a">Stephenson County (Ill.)</subfield><subfield code="v">Newspapers.</subfield></datafield><datafield ind1=" " ind2="7" tag="655"><subfield code="a">Newspapers.</subfield><subfield code="2">fast</subfield><subfield code="0">(OCoLC)fst01423814</subfield></datafield><datafield ind1=" " ind2="7" tag="651"><subfield code="a">Illinois</subfield><subfield code="z">Lena.</subfield><subfield code="2">fast</subfield><subfield code="0">(OCoLC)fst01235410</subfield></datafield><datafield ind1=" " ind2="7" tag="651"><subfield code="a">Illinois</subfield><subfield code="z">Stephenson County.</subfield><subfield code="2">fast</subfield><subfield code="0">(OCoLC)fst01213231</subfield></datafield><datafield ind1=" " ind2=" " tag="752"><subfield code="a">United States</subfield><subfield code="b">Illinois</subfield><subfield code="c">Stephenson</subfield><subfield code="d">Lena.</subfield></datafield><datafield ind1="0" ind2="0" tag="780"><subfield code="t">Lena weekly star</subfield><subfield code="w">(DLC)sn 93056110</subfield><subfield code="w">(OCoLC)29241499</subfield></datafield><datafield ind1="0" ind2="0" tag="785"><subfield code="t">Stephenson farmer</subfield><subfield code="w">(DLC)sn 93056112</subfield><subfield code="w">(OCoLC)29241638</subfield></datafield></record>